
@article{__2024,
	title = {如何拒绝“容貌焦虑”？},
	url = {https://kns.cnki.net/kcms2/article/abstract?v=ad5XPF-Jk6ARLDeUkeLxW5L189Id2Rdz0sUdICArPoOZGhkCtr8M5zl4tPwVbXqhutp1bg3CnV3FmGFS9YHI5n_5Iwrp-_xO8rCIcTlXnqKLOTI96Ar4LfguutiTtTuVxdUBfRQcc8dBF796hEXU1n9zd26T8k1ZCVvX9BYGAos6j6ske3xrlT-OwFtVbK5Wxf6Rhz0qbPtsCuQmFBkjTA==&uniplatform=NZKPT},
	pages = {A05},
	journaltitle = {江门日报},
	author = {梁, 爽 and 管, 浩男},
	urldate = {2024-10-01},
	date = {2024-09-04},
	langid = {pinyin},
	note = {Publisher: 江门日报},
	file = {如何拒绝“容貌焦虑”？_江门日报记者__梁爽__通讯员__管浩男:C\:\\Users\\hemingyuna\\Zotero\\storage\\BRJ7JFLN\\如何拒绝“容貌焦虑”？_江门日报记者__梁爽__通讯员__管浩男.pdf:application/pdf},
}

@article{_sisi_2024,
	title = {美妆视频容貌焦虑形成路径与性别建构——以抖音“Sisi美颜室”为例},
	issn = {1671-0029},
	url = {https://kns.cnki.net/kcms2/article/abstract?v=ad5XPF-Jk6C11V3up_M1ETuKuEQNRYwtU7uEuAO3-JX9Q75qWwVXxADD-nuAnojxtZgoLUTP5ArvfumnH7xwesTAwVay4qFzx9G6kTCZW9otFT-FMJOFMA==&uniplatform=NZKPT&language=gb},
	doi = {10.13854/j.cnki.cni.2024.16.055},
	abstract = {美妆类短视频传播效应下，作为身体认知困扰的“容貌焦虑”逐渐成为当代青年群体普遍的社会心态问题。研究发现，基于视频文本的“容貌焦虑”形成路径和评论区的“容貌焦虑”性别建构，引发了审美标准固化、审美跟风潮流、审美虚假宣传以及审美理想幻象等问题，推动着容貌焦虑的二次传播。本文从身体传播学和文化传播学视角，以抖音短视频平台中典型的美妆类短视频为研究文本，阐释了容貌焦虑网络传播的成因。},
	pages = {126--127},
	number = {16},
	journaltitle = {中国报业},
	author = {马, 莉娅 and 高, 玉烛},
	date = {2024},
	note = {{\textless}{\textgreater}},
	keywords = {短视频, 美妆, 容貌焦虑, 身体},
	file = {美妆视频容貌焦虑形成路径与...抖音“Sisi美颜室”为例_马莉娅:C\:\\Users\\hemingyuna\\Zotero\\storage\\X6EIV45B\\美妆视频容貌焦虑形成路径与...抖音“Sisi美颜室”为例_马莉娅.pdf:application/pdf},
}

@article{__2024-1,
	title = {消费社会背景下女性容貌焦虑现象分析},
	issn = {1003-2592},
	url = {https://kns.cnki.net/kcms2/article/abstract?v=KzQCREa95bGtpXCfV9q9LtRXKbTI1blDWhn-QFdB3xK1RznQ76FcRiv1V0F5kOM1RlQZIFqq2lOtIxJS9cTd-aG3MPxl3BnDZ7ApKpljagREXePMkviXUsztPFsDQpHe&uniplatform=NZKPT&language=gb},
	doi = {10.16129/j.cnki.mysdx.2024.07.027},
	abstract = {最近几年社会中频繁出现的容貌焦虑现象，成为困扰女性群体的重要社会心理问题。消费社会的背景下，造成女性容貌焦虑的主要机制和原因可以从消费文化、社交媒体、女性自我呈现三个方面来分析，消费文化利用消费制造出女性虚假的容貌需求，社交媒体加剧了女性群体的体象障碍，而容貌在女性群体中带有着强烈的指标属性，引发女性自身对于美貌的追求。因此可以从女性主体和社会客体两个角度展开思考，以化解当代消费社会背景下女性容貌焦虑的问题。},
	pages = {37--40},
	number = {7},
	journaltitle = {美与时代(下)},
	author = {沈, 昕 and 方, 宝燕},
	date = {2024},
	note = {{\textless}{\textgreater}},
	keywords = {身体, 女性容貌焦虑, 体象障碍, 消费, 消费社会},
	file = {消费社会背景下女性容貌焦虑现象分析_沈昕:C\:\\Users\\hemingyuna\\Zotero\\storage\\NJD7NAJ4\\消费社会背景下女性容貌焦虑现象分析_沈昕.pdf:application/pdf},
}

@thesis{_sso_2024,
	title = {基于{SSO模型的大学生外貌信息回避行为影响因素研究}},
	url = {https://kns.cnki.net/kcms2/article/abstract?v=KzQCREa95bGGFSpRWAtQxSYKSt4ruyZ32oAhOJ8UPYpWkIrgxCcHz6lW1EUbtD4YDykeO7od7dRxhp4jw1MgIq8xfgGf1aniV26HUCJGOLtKURP1e-ri9g==&uniplatform=NZKPT&language=gb},
	abstract = {社交媒体时代,大学生的外表焦虑现象愈发严重,同时也引发了对外貌相关信息的回避行为。关注用户的外貌信息回避行为,厘清外表焦虑的形成机理,对于用户自身、社交媒体平台及媒体运营商都具有持续发展的意义。据此,本研究基于{SSO模型开展了有关大学生外貌信息回避行为的研究},通过问卷调查与访谈结果结合,在本次研究中笔者发现:(1)大学生外表焦虑与信息回避行为在人口统计学变量上的差异并不显著,但在社交媒体的使用时长与外表比较类型上存在显著差异;(2)数字压力及其各维度、社交外表焦虑、外貌信息回避行为两两之间具有显著相关关系;(3)社交外表焦虑在数字压力与外貌信息回避行为之间存在部分中介作用;(4)网络社会支持不仅能够在数字压力与外貌信息回避行为的关系中起负向调节作用,还能够在“数字压力—社交外表焦虑—外貌信息回避行为”的两条中介链条起负向调节作用。但在同时调节时,对“数字压力—社交外表焦虑”路径的调节作用最为有效。此外,在实证分析的基础上,结合原有的对数字压力的访谈内容,笔者再对其中部分提及外表焦虑的访谈对象进行追加访谈,深入了解社交媒体中大学生产生外表焦虑和外貌信息回避行为主要受内容生产环境、消费文化、社会话语制度的影响。最后,基于定量和定性的研究结果,贴合研究变量的视角出发,提出可以从优化系统功能、打破审美局限、增强用户黏性等方面努力,一定程度上缓解大学生的外表焦虑与信息回避行为。},
	institution = {浙江传媒学院},
	type = {硕士},
	author = {{周雨晴}},
	editora = {{宋红岩}},
	editoratype = {collaborator},
	date = {2024},
	note = {{\textless}{\textgreater}},
	keywords = {大学生, 社交媒体, 数字压力, 外表焦虑, 信息回避},
	file = {基于SSO模型的大学生外貌信息回避行为影响因素研究_周雨晴:C\:\\Users\\hemingyuna\\Zotero\\storage\\LH5HB67U\\基于SSO模型的大学生外貌信息回避行为影响因素研究_周雨晴.pdf:application/pdf},
}

@article{__2024-2,
	title = {社交媒体时代审美价值观的假赋权与真规训——基于马克思主义哲学视角的考察},
	volume = {45},
	issn = {1672-3198},
	url = {https://doi.org/10.19311/j.cnki.1672-3198.2024.18.063},
	doi = {10.19311/j.cnki.1672-3198.2024.18.063},
	abstract = {互联网社交媒体的出现为人们建构理想的审美价值观提供了技术支持。在多种因素的影响下，容貌焦虑的入侵及背后的意识形态偏向问题值得关注。从身体社会学的角度出发，在深入分析社交媒体时代的审美价值观赋权的基础上，容貌焦虑的量化审美体系逐渐明朗。引入马克思女性主义的视角，通过对社交媒体凝视下的审美价值观进行解构与重构，后女性主义话语背后所内含的不平等性被聚焦，审美价值观的真正赋权指日可待。},
	pages = {183--185},
	number = {18},
	journaltitle = {现代商贸工业},
	author = {{刘怡婷}},
	urldate = {2024-10-01},
	date = {2024},
	langid = {pinyin},
	note = {original-container-title: Modern Business Trade Industry
download: 185
album: 经济与管理科学;哲学与人文科学;社会科学Ⅱ辑;信息科技
{CLC}: B0-0;C913.68;G206
{CNKICite}: (
dbcode: {CJFQ}
dbname: {CJFDLAST}2024
filename: {XDSM}202418083
{CIF}: 0.416
{AIF}: 0.087},
	keywords = {容貌焦虑, 马克思女性主义, 审美价值观},
	file = {Full Text PDF:C\:\\Users\\hemingyuna\\Zotero\\storage\\6WRC92B3\\刘怡婷 - 2024 - 社交媒体时代审美价值观的假赋权与真规训——基于马克思主义哲学视角的考察.pdf:application/pdf},
}

@article{__nodate,
	title = {容貌焦虑对大学生逢迎行为的影响：归属需求的中介作用与自悯的调节作用},
	issn = {2096-4811},
	url = {https://kns.cnki.net/kcms2/article/abstract?v=KzQCREa95bHYnS-fdFBj6Dap7N-F4uiErThrhVIVrc7mGKHrNHVGU4bLTQ1RHm21VsnesBoihtmf7K98wA1de5RndxB5TJjJwVpcczPIUJktszaOit1_kA==&uniplatform=NZKPT&language=gb},
	abstract = {目的：本研究旨在考察大学生容貌焦虑与逢迎的关系，以及归属需求和自悯在其中的作用。方法：采用方便取样法，应用容貌焦虑量表、归属需求量表、自悯量表对805名大学生进行问卷调查。结果：（1）容貌焦虑正向预测大学生人际逢迎行为，直接效应值为0.14；（2）归属需求在容貌焦虑和逢迎行为的关系中起到部分中介作用，中介效应值为0.07；（3）归属需求对大学生逢迎行为的效应受到自悯的调节作用，交互项效应值为-0.18。结论：容貌焦虑既直接影响大学生逢迎行为，也通过归属需求间接影响大学生逢迎行为，自悯在其中起调节作用。},
	pages = {1--12},
	journaltitle = {中国健康心理学杂志},
	author = {张小梅},
	note = {{\textless}{\textgreater}},
	keywords = {容貌焦虑, 大学生, 逢迎行为, 归属需求, 自悯},
	file = {容貌焦虑对大学生逢迎行为的...的中介作用与自悯的调节作用_张小梅 (1):C\:\\Users\\hemingyuna\\Zotero\\storage\\GYVYEQKF\\容貌焦虑对大学生逢迎行为的...的中介作用与自悯的调节作用_张小梅 (1).pdf:application/pdf},
}

@article{__2022,
	title = {审美与自我呈现：青年女性容貌焦虑的深层逻辑},
	issn = {1002-9931},
	url = {https://doi.org/10.19633/j.cnki.11-2579/d.2022.0072},
	doi = {10.19633/j.cnki.11-2579/d.2022.0072},
	abstract = {青年女性受现代审美理想的制约程度比男性更深。美是一种文化现象，审美取向是根植于物质文化和精神文化中的，它随着美学得以存在的那些事物、技术、观念和能动者而不断变化。制度困境下的情感体验、大众媒体建构的单一审美场域、消费文化背景下女性外貌的商品化和个体对美貌本身的认知与追求引发了青年女性的容貌焦虑。后颜值经济时代，个人形象被简单外化为身体外形、面部吸引力被赋予“指标”属性、个人认同感也和与身体有关的活动相关。青年群体在建构个人形象和身体风格时应强调自己的审美和叙事，注重内在美和情感感染力的培养，做到个性与外形的统一。},
	pages = {85--92},
	number = {5},
	journaltitle = {中国青年研究},
	author = {{刘燕}},
	urldate = {2024-10-01},
	date = {2022},
	langid = {pinyin},
	note = {original-container-title: China Youth Study
download: 13532
album: 社会科学Ⅰ辑;社会科学Ⅱ辑
{CLC}: C913.68
dbcode: {CJFQ}
dbname: {CJFDLAST}2022
filename: {ZGQL}202205011
{publicationTag}: 北大核心, {CSSCI}, {AMI核心}
{CIF}: 4.733
{AIF}: 2.696},
	keywords = {容貌焦虑, 青年女性, 审美, 自我呈现},
	file = {Full Text PDF:C\:\\Users\\hemingyuna\\Zotero\\storage\\46JHJYQT\\刘燕 - 2022 - 审美与自我呈现：青年女性容貌焦虑的深层逻辑.pdf:application/pdf},
}

@article{__2022-1,
	title = {青年群体容貌焦虑的媒介感知调查及其现实影响力研究——基于个人信息处理基模的分析},
	issn = {1003-1286},
	url = {https://doi.org/10.16017/j.cnki.xwahz.2022.04.027},
	doi = {10.16017/j.cnki.xwahz.2022.04.027},
	abstract = {各类媒介出于私利目的不断制造、贩卖容貌焦虑，营造出谈“容貌”必“焦虑”的拟态环境。为探究青年群体容貌焦虑的媒介感知及其现实影响力，基于个人信息处理基模的框架，经深度访谈发现，媒介通过营销层出不穷的容貌卖点，固化受众的审美，物化受众的身体，不断加深受众的容貌焦虑。经此形成的信息处理模式，极易引发受众参与狂欢，过度关注容貌和惯性追随潮流。但同时，受众对容貌的常态性不满，并不必然导致普遍的极端行为，多数受众对容貌焦虑具有消解和抵抗能力。},
	pages = {15--19},
	number = {4},
	journaltitle = {新闻爱好者},
	author = {{张淑华} and {陈婷}},
	urldate = {2024-10-01},
	date = {2022},
	langid = {pinyin},
	note = {original-container-title: Journalism Lover
foundation: 国家社科基金项目“反沉迷诉求下儿童媒介使用社会干预联动机制研究”（21cxw026）的系列成果之一；
download: 6198
album: 信息科技
{CLC}: G206
dbcode: {CJFQ}
dbname: {CJFDLAST}2022
filename: {XWAH}202204003
{publicationTag}: {CSSCI扩展版}, {AMI扩展}
{CIF}: 1.486
{AIF}: 0.661},
	keywords = {容貌焦虑, 常态性不满, 拟态环境, 认知基模, 审美固化},
	file = {Full Text PDF:C\:\\Users\\hemingyuna\\Zotero\\storage\\M5X5MQXE\\张淑华和陈婷 - 2022 - 青年群体容貌焦虑的媒介感知调查及其现实影响力研究——基于个人信息处理基模的分析.pdf:application/pdf},
}

@article{__2022-2,
	title = {当代青年女性“容貌焦虑”的社会机制分析},
	issn = {1002-9931},
	url = {https://kns.cnki.net/kcms2/article/abstract?v=KzQCREa95bEljGfUMKPdF3woUut8RPaEfvgQFIwsCBsWTFJ1TePGCLS-aJI3UZUkc5X0Vmho0Rqpkbb_IHdbN0OwdMqIuudZgrK-yvQQjLY1CpMrs4z7YuR42hio2RATWz39xN2xN6HhaTLGyjRMTGUkC6j4zkIlNkJxfqhAiEVQa_M61vR62P4oy-N-bGsk&uniplatform=NZKPT&language=CHS},
	doi = {10.19633/j.cnki.11-2579/d.2022.0055},
	abstract = {当前社会中出现的“容貌焦虑”成为困扰青年女性群体的重要社会心态问题。基于质性研究方法，从身体社会学的角度出发探究青年女性“容貌焦虑”形成的社会机制。研究发现，青年女性“容貌焦虑”的社会因素关联了构建亲密关系与寻求社会认同的双重维度，为此青年女性既要接受社会性别规训的审美凝视，又需通过身体消费实践以拒绝“容貌焦虑”。信息网络媒介的发展虽使女性有了更为开拓的自身呈现空间，却也强化了社会审美文化和消费社会文化，加之媒介宣传中对身体形象标准的强化与身体消费误导的制造，从而使青年女性陷入“社会审美-容貌焦虑-身体消费”的循环往复的社会场景之中。},
	pages = {78--85},
	number = {4},
	journaltitle = {中国青年研究},
	author = {李升 and 李敏},
	date = {2022},
	note = {{\textless}{\textgreater}},
	keywords = {容貌焦虑, 青年女性, 社会审美, 身体社会学, 身体消费},
	file = {PDF:C\:\\Users\\hemingyuna\\Zotero\\storage\\B7R82648\\当代青年女性“容貌焦虑”的社会机制分析 - 中国知网.pdf:application/pdf},
}

@article{__2024-3,
	title = {从《西游记》到《黑神话：悟空》：孙悟空的游戏形象变迁与跨媒介叙事},
	volume = {2},
	issn = {2097-356X},
	url = {https://kns.cnki.net/KCMS/detail/detail.aspx?dbcode=CJFQ&dbname=CJFDAUTO&filename=SHCB202405005},
	abstract = {文章对中国古代神魔小说中的经典形象—孙悟空在当代游戏中的形象变迁展开研究，阐述不同时期的游戏类型及媒介特性与孙悟空形象变化之间的关系以及这些跨媒介叙事对悟空形象产生的影响。研究发现：20世纪80年代游戏中的悟空形象主要是“有形无实”的符号；20世纪90年代游戏中的悟空受到经典西游影视作品的视觉表达的影响；新世纪以来，不同游戏类型渐次涌现，孙悟空的造型与功能进一步丰富。而《黑神话：悟空》作为国产游戏的里程碑式作品，展现出传统文化元素成功进行创造性转化和创新性发展的方式。},
	pages = {27--34},
	number = {5},
	journaltitle = {中国数字出版},
	author = {{曹书乐} and {刘宣伯}},
	urldate = {2024-10-05},
	date = {2024},
	langid = {pinyin},
	note = {original-container-title: China Digital Publishing
foundation: “研究阐释党的十九届六中全会精神”国家社会科学基金重大项目“视听艺术精品推动中华优秀传统文化创造性转化、创新性发展研究”（22ZDA083）阶段性成果；
download: 10550
album: 信息科技;哲学与人文科学;社会科学Ⅱ辑
{CLC}: G899;I207.41
dbcode: {CJFQ}
dbname: {CJFDAUTO}
filename: {SHCB}202405005},
	keywords = {黑神话:悟空, 跨媒介叙事, 孙悟空, 游戏},
	file = {PDF:C\:\\Users\\hemingyuna\\Zotero\\storage\\3S3YMIUL\\曹书乐和刘宣伯 - 2024 - 从《西游记》到《黑神话：悟空》：孙悟空的游戏形象变迁与跨媒介叙事.pdf:application/pdf},
}

@thesis{__2022-3,
	title = {抖音大学生用户的容貌焦虑研究},
	url = {https://link.cnki.net/doi/10.27123/d.cnki.ghlju.2022.000845},
	abstract = {在网络信息飞速发展的今天,容貌焦虑似乎已成为大学生们重点关注的议题,近两年学界对于容貌焦虑的研究逐渐增多,目前容貌焦虑的相关研究主要集中在容貌焦虑的原因、表现、影响因素等,文献更多以解决现实为主要目的。然而从容貌焦虑主体“人”的心理学角度观照此话题的研究较少。笔者认为作为容貌焦虑话题主体的“人”更是解决问题的关键,因此本文结合理想美内化和上行社会比较等心理学理论研究抖音的使用加速容貌焦虑的问题,研究对象为18-30岁的大学生,研究方法以问卷调查法和统计分析法为主,分析大学生群体使用抖音短视频平台引发的容貌焦虑加速现象。全文一共分为五个部分。第一章结合时代背景探究容貌焦虑缘何而起,明晰容貌焦虑的缘起与社会转型、社会文化、经济发展等环境因素密不可分。第二章从抖音的发展概况、产品特色、营销手段分析其成为大学生最喜爱短视频的原因。第三章从心理学视角分析大学生使用抖音加速容貌焦虑的原因,发现理想美内化可能在抖音使用强度与容貌焦虑的影响路径中发挥中介作用,上行社会比较发挥调节作用。据此提出研究假设并建立研究模型。第四章验证研究假设是否成立,结果证实理想美内化作为中介因素,上行社会比较作为调节因素的确在不同程度上影响抖音使用强度与容貌焦虑之间的关系。最后,在论文的结尾指出容貌焦虑现象对于大学生的认知与行为的影响,针对研究问题提出了减少大学生容貌焦虑的有效建议,试图对当前抖音使用对大学生群体产生的审美观念扭曲进行纠正,以期大学生能够正确使用社交媒体,辩证看待容貌焦虑问题。},
	pagetotal = {66},
	institution = {黑龙江大学},
	type = {硕士学位论文},
	author = {{陈雪莹}},
	editora = {{荀瑶}},
	editoratype = {collaborator},
	urldate = {2024-12-03},
	date = {2022},
	langid = {pinyin},
	doi = {10.27123/d.cnki.ghlju.2022.000845},
	note = {major: 新闻与传播
download: 4765
album: 社会科学Ⅱ辑;信息科技
{CLC}: G645.5;G206
dbcode: {CMFD}
dbname: {CMFD}202202
filename: 1022041541.nh},
	keywords = {容貌焦虑, 抖音, 理想美内化, 上行社会比较},
	file = {Full Text PDF:C\:\\Users\\hemingyuna\\Zotero\\storage\\YVXKCWTK\\陈雪莹 - 2022 - 抖音大学生用户的容貌焦虑研究.pdf:application/pdf},
}

@article{__2023,
	title = {健康传播视域下大学生容貌焦虑研究},
	issn = {1671-0029},
	url = {https://link.cnki.net/doi/10.13854/j.cnki.cni.2023.14.100},
	doi = {10.13854/j.cnki.cni.2023.14.100},
	abstract = {本文基于健康传播{KAP模型}，通过文献梳理、问卷调查、深度访谈等方法展开研究，以期为大学生容貌焦虑现状提供正确的引导。实证研究显示，大学生容貌焦虑在性别、专业、情感状态等方面存在差异，自我认知情况存在缺陷，身心健康和人际关系受到反向驯化。},
	pages = {114--115},
	number = {14},
	journaltitle = {中国报业},
	author = {{祝旭冉} and {尹升志}},
	urldate = {2024-12-03},
	date = {2023},
	langid = {pinyin},
	note = {download: 1859
album: 经济与管理科学;社会科学Ⅱ辑;信息科技
{CLC}: G206;G645.5
dbcode: {CJFQ}
dbname: {CJFDLAST}2023
filename: {ZGBT}202314051},
	keywords = {容貌焦虑, 健康传播, {CiteSpace}, {KAP模型}},
	file = {Full Text PDF:C\:\\Users\\hemingyuna\\Zotero\\storage\\73HMLGWX\\祝旭冉和尹升志 - 2023 - 健康传播视域下大学生容貌焦虑研究.pdf:application/pdf},
}

@article{__2022-4,
	title = {上海市市场监管局发布医美行业违法套路警示  制造“容貌焦虑”、签约网红发“测评”},
	issn = {1674-6953},
	url = {https://kns.cnki.net/KCMS/detail/detail.aspx?dbcode=CJFQ&dbname=CJFDLAST2023&filename=JDXZ202212003},
	abstract = {{\textless}正{\textgreater}从公交站台到社交网站再到各大综艺，医疗美容行业广告“铺天盖地”，成全“爱美之心”的同时也制造了各种“容貌焦虑”。上海市市场监管局近年来开展医疗美容治理，加强广告营销宣传监管，梳理了医疗美容行业中的五种常见违法套路，向社会做出以下警示。},
	pages = {20--21},
	number = {12},
	journaltitle = {产品可靠性报告},
	author = {{杨顺兴}},
	urldate = {2024-12-16},
	date = {2022},
	langid = {pinyin},
	note = {download: 171
album: 经济与管理科学
{CLC}: F203
dbcode: {CJFQ}
dbname: {CJFDLAST}2023
filename: {JDXZ}202212003},
	file = {Full Text PDF:C\:\\Users\\hemingyuna\\Zotero\\storage\\B4A8FR2A\\杨顺兴 - 2022 - 上海市市场监管局发布医美行业违法套路警示  制造“容貌焦虑”、签约网红发“测评”.pdf:application/pdf},
}
