@online{zhihu,
  title    = {保路运动：压跨清王朝的最后一根稻草},
  url      = {https://zhuanlan.zhihu.com/p/660907400},
  abstract = {保路运动又称铁路风潮。1911年5月9日清政府皇族内阁颁布“铁路干线国有”政策，将已归商办的粤汉、川汉铁路收归“国有”，任命端方为督办粤汉、川汉铁路大臣，并与英、法、德、美四国银行团签订《湖广铁路借款合同…},
  type     = {知乎专栏文章},
  author   = {{黄某人}},
  urldate  = {2025-04-20},
  date     = {2023-11-24},
  langid   = {pinyin}
}
@book{He2006Xinhai,
  author    = {贺觉非 and 冯天瑜},
  title     = {辛亥武昌首义史},
  publisher = {武汉大学出版社},
  year      = {2006},
  location  = {武汉},
  pages     = {484},
  price     = {54.00元},
  isbn      = {9787307049925},
  langid    = {chinese}
}
@article{chuanhan,
  title        = {川汉铁路租股征收问题新探},
  url          = {https://kns.cnki.net/KCMS/detail/detail.aspx?dbcode=CJFQ&dbname=CJFDLAST2023&filename=QSYJ202301012},
  abstract     = {川汉铁路租股抽收方案脱胎于四川本省办理捐输和积谷的成案，其议定和奏准则有赖于川籍京官乔树枏的支持和运作。租股章程经地方州县“酌夺更改”后方得实行：就田查租改为以粮计租，按租（收成）抽谷也变为依据粮册及所载粮额进行征收。租股粮额起征点的设置使得粮册所载之内的起征点以下的大量小额粮户和粮册所载之外的大量“无粮住民”都不必负担租股，租股的实际征收范围因此大为缩小。而部分民众因缴纳租股而与川汉铁路发生的关联，未必能够充分解释四川保路运动中较为广泛的群众参与和民众动员。},
  pages        = {138--149},
  number       = {1},
  journaltitle = {清史研究},
  author       = {{高龙}},
  urldate      = {2025-04-20},
  date         = {2023},
  langid       = {pinyin},
  note         = {foundation: 四川省教育厅重点人文社科研究基地四川师范大学巴蜀文化研究中心2022年重点项目“近代川康交通文化史专题研究”（{BSWHZD}22-04）阶段性成果；
                  download: 381
                  album: 哲学与人文科学
                  {CLC}: K257.26
                  dbcode: {CJFQ}
                  dbname: {CJFDLAST}2023
                  filename: {QSYJ}202301012},
  keywords     = {川汉铁路, 乔树枏, 四川保路运动, 锡良, 租股},
  file         = {Full Text PDF:C\:\\Users\\hemingyuna\\Zotero\\storage\\9TS37KMP\\高龙 - 2023 - 川汉铁路租股征收问题新探.pdf:application/pdf}
}

@inreference{wiki,
  title     = {保路运动},
  rights    = {Creative Commons Attribution-{ShareAlike} License},
  url       = {https://zh.wikipedia.org/w/index.php?title=%E4%BF%9D%E8%B7%AF%E8%BF%90%E5%8A%A8&oldid=86518226},
  abstract  = {保路运动，又称保路风潮，发生于清宣统三年（1911年），为清朝末年四川、湖北、湖南、广东等省反对清朝政府将地方准备兴建的川汉铁路、粤汉铁路进行国有化而发生的运动。其中四川省的运动最为激烈。
               四川保路运动是由立宪派发动和领导的。他们力图把运动控制在和平抗议的范围内，要求人们只求争路，不反官府，不打教堂，更不得聚众暴动。同盟会虽然没有掌握保路运动的领导权，但他们执行“借保路之名，行革命之实”的策略，暗中联络会党，准备武装起义。此次运动因使清廷调派湖北官军前往四川地方镇压，导致守备缺乏，是武昌起义成功的决定性因素。},
  booktitle = {维基百科，自由的百科全书},
  urldate   = {2025-04-20},
  date      = {2025-03-21},
  langid    = {pinyin},
  note      = {Page Version {ID}: 86518226}
}
