
@article{__2024,
	title = {俄乌冲突以来的欧洲经济：表现、原因、政策应对与前景},
	volume = {35},
	issn = {1009-3060},
	url = {https://kns.cnki.net/KCMS/detail/detail.aspx?dbcode=CJFQ&dbname=CJFDLAST2024&filename=TJDS202404003},
	abstract = {俄乌冲突以来，由冲突引发的能源危机使欧洲经济遭受极大冲击。欧盟经济陷入衰退：通胀高企，进出口萎缩，政府赤字问题突出，成员国经济表现普遍疲软，尤其是德国经济问题突出。俄乌冲突下的欧洲经济，呈现出衰退、停滞、缓慢复苏的阶段性和一定程度上分化的特点，这与欧盟对俄罗斯的能源依赖、贸易联系等结构性成因以及新冠疫情余波、冲突自身的特殊性等临时性因素有关。为应对俄乌冲突，欧洲中央银行实行多轮加息，欧盟及其成员国实施了寻求能源替代、保障民生的短期措施，这基本上摆脱了对俄罗斯能源的依赖，一定程度上展现出欧盟经济的韧性。除此之外，欧盟还出台了加速能源转型、强化经济安全等长期措施，取得了一定成效。未来，欧盟经济或将缓慢复苏，但其同时面临严峻的地缘政治风险；欧盟及成员国的短期政策应对需权衡保留与退出，长期政策将面对多重挑战。俄乌冲突持续下欧盟经济的前景仍然充满不确定性，“危”与“机”并存。},
	pages = {24--35},
	number = {4},
	journaltitle = {同济大学学报（社会科学版）},
	author = {{丁纯} and {孙露} and {纪昊楠}},
	urldate = {2024-11-07},
	date = {2024},
	langid = {pinyin},
	note = {foundation: 国家社会科学基金重大研究专项项目(20VGQ012)； 深圳市人文社科重点研究基地深圳技术大学德国工业文明研究中心项目；
download: 382
album: 社会科学Ⅱ辑;社会科学Ⅰ辑;经济与管理科学
{CLC}: F15;E512;E511.3
dbcode: {CJFQ}
dbname: {CJFDLAST}2024
filename: {TJDS}202404003},
	keywords = {俄乌冲突, 经济安全, 绿色转型, 欧洲经济},
	file = {Full Text PDF:C\:\\Users\\hemingyuna\\Zotero\\storage\\EYHKLUAZ\\丁纯 等 - 2024 - 俄乌冲突以来的欧洲经济：表现、原因、政策应对与前景.pdf:application/pdf},
}

@thesis{__2023,
	title = {叙事分析框架下国家间国际话语权争夺            ——以俄乌冲突中美、俄、乌叙事策略为例研究},
	url = {https://link.cnki.net/doi/10.27011/d.cnki.gdbsu.2023.001736},
	abstract = {本文旨在分析和比较俄乌冲突期间美国、俄罗斯和乌克兰在国际话语权争夺中所采用的叙事策略。通过此分析,探求在话语叙事策略上,综合国力不同的国家间展现出的特征及差异,并进一步探讨这些叙事策略在国家间话语权争夺中的重要作用。研究采用叙事分析的框架,结合文献分析、文本分析和对比分析等方法。论文首先收集整理与国际话语权和叙事分析相关的文献,建立理论基础。随后,利用爬虫软件收集2022年2月11日至2022年3月15日这段时间内美国、俄罗斯和乌克兰在推特上发布的与俄乌冲突相关的话语叙事文本,通过词频分析和共现分析方法挖掘文本内涵和联系,并使用情感分析方法评估各国话语叙事的成效。研究发现,虽然美国、俄罗斯和乌克兰在话语叙事策略上由于国家实力和身份定位的不同而存在显著差异,但也存在共同点。美国和俄罗斯偏向于使用喜剧情节,而乌克兰则倾向于悲剧情节。在话语权成效方面,乌克兰的成效大于美国和俄罗斯。此外,三国在地区和议题分布上也表现出明显的差异。研究揭示了叙事策略在国际话语权争夺中的作用,同时指出技术垄断、信息控制、历史背景和刻板印象等因素对话语权争夺的影响。论文系统地分析了国际政治语境下不同国家的叙事策略,指出了话语叙事策略的重要性,并为未来相关研究提供了新的视角。本文主要分为三个部分:第一部分是引言,主要阐述了选题来源和意义、相关研究综述、研究内容和采用的研究方法;第二部分属于正文内容,总共分为四章。第一章在梳理话语权、国际话语权和叙事理论、分析框架的基础上,论述了由情境设置、角色塑造、情节设计和叙事技巧构成的叙事分析框架在国际话语权研究中的应用;第二章重点阐述美、俄、乌国际话语权争夺案例的选取原因和过程,以及样本的选取方法,并对选取的样本进行词频分析、共现分析,总结美、俄、乌的文本特征;第三章在第二章文本分析的基础上分析总结了美、俄、乌的叙事策略,并比较了美、俄、乌三个国家在情境设置、角色塑造、情节设计和叙事技巧几个方面的异同;第四章主要是在论证叙事与国际话语权的关系的基础上,运用情感分析方法对美、俄、乌在俄乌冲突中话语权争夺成效进行评估。第三部分主要论述本文研究的结论和由此对我国产生的启示。},
	pagetotal = {121},
	institution = {东北师范大学},
	type = {硕士学位论文},
	author = {{刘诗莹}},
	editora = {{夏春晖}},
	editoratype = {collaborator},
	urldate = {2024-11-07},
	date = {2023},
	langid = {pinyin},
	doi = {10.27011/d.cnki.gdbsu.2023.001736},
	note = {major: 国际关系
download: 623
album: 社会科学Ⅰ辑
{CLC}: D81
dbcode: {CMFD}
dbname: {CMFDTEMP}
filename: 1024370244.nh},
	keywords = {俄乌冲突, 国际话语权, 叙事策略},
	file = {Full Text PDF:C\:\\Users\\hemingyuna\\Zotero\\storage\\S4GKCMNR\\刘诗莹 - 2023 - 叙事分析框架下国家间国际话语权争夺            ——以俄乌冲突中美、俄、乌叙事策略为例研究.pdf:application/pdf},
}

@online{__2022,
	title = {俄乌战争的起因、爆发和俄罗斯的目的},
	url = {https://zhuanlan.zhihu.com/p/528398509},
	abstract = {俄乌战争的起因、爆发和俄罗斯的目的吴国发 （2022年6月13日） 内容提要：2022年2月24日，俄罗斯总统普京发起了对乌克兰的“特别军事行动”，从而爆发了俄罗斯-乌克兰战争。俄乌战争爆发的主要原因是北约不断东扩…},
	type = {知乎专栏文章},
	author = {{吴国发}},
	urldate = {2024-11-07},
	date = {2022-06-13},
	langid = {pinyin},
}

@online{noauthor__nodate,
	title = {俄乌冲突背后的深层次动因及其影响 \_光明网},
	url = {https://www.gmw.cn/xueshu/2022-03/01/content_35555286.htm},
	urldate = {2024-11-07},
}

@thesis{__2023-1,
	title = {试论苏联解体以后俄语在乌克兰的地位变化及其对俄乌关系影响},
	url = {https://link.cnki.net/doi/10.27373/d.cnki.gwjxc.2023.000078},
	abstract = {苏联时期,俄语是乌克兰的官方语言之一,被广泛使用。然而,在苏联解体后,乌克兰成为了独立国家,开始了国家建设和民族复兴。在这个过程中,随着乌克兰国家认同和民族意识的提高,使用乌克兰语的意识也逐渐增强。这种意识的提高,同时也带来了俄语在乌克兰地位的下降。这一变化在一定程度上反映了乌克兰对自身民族身份和文化传统的重视,但同时也导致了俄乌关系的恶化和紧张。乌克兰危机整体局势始终处在复杂变动中,本文通过梳理乌克兰历届政府实施的俄语政策,概括俄语在乌克兰教育、大众传媒领域的使用状况及变化,归纳俄语在乌克兰使用的特点,深刻剖析影响乌克兰俄语地位变化的内外部因素,分析俄语在乌克兰地位变化对俄乌关系的影响,预测俄语在乌克兰地位变化的未来走向。通过研究发现,苏联解体以后,乌克兰出台多项俄语政策,在教育、大众传媒等领域缩小俄语的使用范围,导致俄语在乌克兰的地位持续下降,使用范围大幅缩小。尽管如此,俄语在当今乌克兰依然具有现实使用率高的特点。乌克兰政府对乌克兰语的推广和对俄语的限制引起了讲俄语人口的极大不满,俄语在乌克兰的地位变化不仅受乌克兰内部因素影响,还受美国、欧盟和俄罗斯的影响。苏联解体后俄语在乌克兰的地位变化与俄乌关系变化具有相关性,以2014年为转折点,“克里米亚事件”发生后,俄乌关系迅速降温,随之而来的便是乌克兰进一步削弱俄语的地位。可以看出,俄语地位问题已经成为俄乌外交博弈的重要手段,在俄乌关系发展中充当“风向标”的角色。在未来,俄语在乌克兰的地位问题将持续影响俄乌政治,并且有带来新的语言冲突的可能性。},
	pagetotal = {104},
	institution = {外交学院},
	type = {硕士学位论文},
	author = {{丁伶俐}},
	editora = {{谭继军}},
	editoratype = {collaborator},
	urldate = {2024-11-07},
	date = {2023},
	langid = {pinyin},
	doi = {10.27373/d.cnki.gwjxc.2023.000078},
	note = {major: 国际关系
download: 201
album: 哲学与人文科学;社会科学Ⅰ辑
{CLC}: H35;D851.2;D851.13
dbcode: {CMFD}
dbname: {CMFD}202402
filename: 1024316873.nh},
	keywords = {俄乌关系, 俄语地位, 俄语政策, 母语认同, 语言竞争},
	file = {Full Text PDF:C\:\\Users\\hemingyuna\\Zotero\\storage\\6JS98KAQ\\丁伶俐 - 2023 - 试论苏联解体以后俄语在乌克兰的地位变化及其对俄乌关系影响.pdf:application/pdf},
}

@thesis{_19922020_2023,
	title = {美国推动乌克兰加入北约政策分析（1992—2020）},
	url = {https://link.cnki.net/doi/10.27373/d.cnki.gwjxc.2023.000111},
	abstract = {自从1992年美国与乌克兰建交以后,美国就不断推动乌克兰加入北约。本文聚焦分析美国对乌克兰加入北约政策的目标及其实施手段。第一章阐释美国对乌克兰政策的目标与手段,为厘清美国推动乌克兰加入北约的原因作出铺垫。第二章梳理美国推动乌克兰加入北约的历史以及乌克兰自身为加入北约所采取的举措。美国推动乌入北约的历史分为四个阶段:1992年到2004年是建交初期的积极接触阶段;2004年到2010年属于乌克兰的颜色革命时期;2010年到2014年是历史的转折期;2014年到2020年是俄乌冲突时期。乌克兰自身加入北约的历史分为三个阶段:1992年到2010年的积极靠拢;2010年到2014年的反对加入北约;2014年到2020年的迫切想要加入北约。第三章分析美国推动乌克兰加入北约的政策,重点探讨其目标及手段。美国的目标是遏制俄罗斯、加强北约内部凝聚力以及维护美国的跨大西洋一体化战略。为实现此目标,北约与乌克兰达成多项合作,帮助乌克兰提高军队作战能力,推进乌克兰反腐败以及国防现代化改革。第四章分析乌克兰加入北约面临的阻碍以及美国的应对方式。结语探讨了未来乌克兰加入北约的可能性。本文认为,美国推动乌克兰加入北约的问题实质上是美俄关系的问题。鉴于当前俄乌冲突局势尚未明朗,乌克兰在未来很长时间里都难以加入北约。},
	pagetotal = {53},
	institution = {外交学院},
	type = {硕士学位论文},
	author = {{潘晓华}},
	editora = {{李海东}},
	editoratype = {collaborator},
	urldate = {2024-11-07},
	date = {2023},
	langid = {pinyin},
	doi = {10.27373/d.cnki.gwjxc.2023.000111},
	note = {major: 国际关系
download: 255
album: 社会科学Ⅰ辑
{CLC}: D871.2;D851.13;E161
dbcode: {CMFD}
dbname: {CMFD}202402
filename: 1024317089.nh},
	keywords = {俄乌冲突, 北约东扩, 美俄关系, 美乌关系},
	file = {Full Text PDF:C\:\\Users\\hemingyuna\\Zotero\\storage\\WI6QCVZY\\潘晓华 - 2023 - 美国推动乌克兰加入北约政策分析（1992—2020）.pdf:application/pdf},
}

@thesis{__2023-2,
	title = {“克里米亚事件”以来俄罗斯与美欧国家外交危机研究},
	url = {https://link.cnki.net/doi/10.27204/d.cnki.glzhu.2023.002513},
	abstract = {“克里米亚事件”发生以来,俄罗斯与美欧国家之间的外交危机大规模频发。“克里米亚事件”成为俄罗斯与美欧国家关系变化的一道分水岭。政治层面,俄罗斯与美欧国家地缘政治分歧和战略目标矛盾愈发尖锐;经贸层面,美国联合欧盟国家打压俄罗斯贸易领域,对俄罗斯进出口贸易进行大规模限制;军事层面,乌克兰局部地区的动乱危机延续至今,甚至引发了新一轮俄乌冲突。北约国家近年来频繁在波罗的海和黑海海域进行军事演习活动,与俄罗斯在空域、海域频繁发生剑拔弩张的对峙事件;外交层面,俄罗斯受到美欧国家联合孤立,多项大型国际合作会议及国际体育赛事本应该包括俄罗斯,但美欧国家屡次将俄罗斯剔除在外。除此之外,美欧国家利用俄外交人员从事不法行为等理由,对俄罗斯外交官进行大规模驱逐,发动外交危机恶化与俄罗斯外交关系,进一步加速了美欧国家与俄罗斯外交危机的频繁发生。俄罗斯与美欧国家频繁出现外交危机在很大程度上能够对当前国际格局造成深刻的影响。本文主要对俄罗斯与美欧国家外交危机中外交官驱逐这一类危机进行详细研究。在对外交官驱逐这一类外交危机进行研究前,会对“克里米亚事件”后俄罗斯与美欧国家关系变化的表现及动因进行简单回顾。在此背景下进一步对2014年至2022年俄罗斯与美欧国家互相驱逐外交官这类外交危机案例进行研究。对双方在2014年-2018年及2018-2022年两个阶段发生的大规模驱逐外交官的案例概况进行梳理及整合。在对双方驱逐外交官案例的探究过程中引入美国国际政治学家查尔斯·赫尔曼的外交危机管理“处境模式”,对俄罗斯与美欧国家互相驱逐外交官案例的特点进行分析。通过对俄罗斯与美欧国家互相驱逐外交官事件的梳理与分析,寻找双方频繁发生外交危机的深层原因。在此基础上融入危机管理“4R模型”中的缩减危机管理策略和危机反应管理策略以及国际危机管理中的战略考量、官方立场、行为方式,将缩减危机管理与国际危机管理中的战略考量、官方立场进行融合以及将危机反应管理策略与国际危机管理中的行动方式相衔接,对俄罗斯与美欧国家外交危机管理举措进行简要分析,并对二者危机管理中存在的差异化管控举措进行简单讨论,尝试寻找未来俄罗斯与美欧国家能够缓和二者关系的有效途径和具体措施。},
	pagetotal = {61},
	institution = {兰州大学},
	type = {硕士学位论文},
	author = {{连丹丹}},
	editora = {{焦一强}},
	editoratype = {collaborator},
	urldate = {2024-11-07},
	date = {2023},
	langid = {pinyin},
	doi = {10.27204/d.cnki.glzhu.2023.002513},
	note = {major: 政治学·国际关系
download: 378
album: 社会科学Ⅰ辑
{CLC}: D851.2;D815
dbcode: {CMFD}
dbname: {CMFD}202401
filename: 1023601958.nh},
	keywords = {克里米亚事件, 驱逐外交官, 外交危机, 危机管理},
	file = {Full Text PDF:C\:\\Users\\hemingyuna\\Zotero\\storage\\PAFKLMRI\\连丹丹 - 2023 - “克里米亚事件”以来俄罗斯与美欧国家外交危机研究.pdf:application/pdf},
}

@inreference{noauthor__2024,
	title = {俄羅斯聯邦併吞克里米亞},
	rights = {Creative Commons Attribution-{ShareAlike} License},
	url = {https://zh.wikipedia.org/w/index.php?title=%E4%BF%84%E7%BE%85%E6%96%AF%E8%81%AF%E9%82%A6%E4%BD%B5%E5%90%9E%E5%85%8B%E9%87%8C%E7%B1%B3%E4%BA%9E&oldid=84761167},
	abstract = {俄罗斯联邦并吞克里米亚指的是俄罗斯于2014年2月20日至3月18日入侵乌克兰，占领并径自宣布吞并克里米亚半岛，以及其后在乌克兰东南方的行动所引发的一连串政治风波。俄罗斯政府在占领后旋即策动独立与加入公投，并在之后建立克里米亚联邦管区并下设两个联邦主体——克里米亚共和国和塞瓦斯托波尔。该事件随后因小绿人占领乌克兰东部两州首府而引爆了更为血腥惨烈的顿巴斯战争，事件导致当时的八大工业国组织其他成员国暂时冻结俄罗斯会籍，及后对俄罗斯实施制裁。俄美关系、俄欧关系自俄罗斯占领克里米亚后一直得不到改善。同时也是持续至今已近10年的俄乌战争之开端。
2月22至23日，俄罗斯总统普京连夜召开国安会议，与联邦安全局的一众部长商讨解救被废黜的乌克兰总统亚努科维奇，会议结束时普京说：“我们一定要开始设法让克里米亚回归俄罗斯。”。2月27日，几万名没有徽章的俄罗斯蒙面部队占领了克里米亚最高议会，并夺下克里米亚全境的战略重地，接着成立亲俄罗斯的阿克肖诺夫政府、宣布克里米亚独立和举行一场有争议的公投。在此过程中，俄普京政府宣称“无意吞并克里米亚”，“已下令俄军撤离”。乌克兰对此提出程序异议，因为乌克兰中央政府尚不承认克里米亚共和国独立（或加入俄罗斯）为合法。3月中，克里米亚开始讨论纳入俄罗斯联邦，俄方表态反对“并吞”的标签，而且普京辩称独立公投符合国际法。
多国领导人对于事件予以谴责，指这是非法并吞乌克兰领土，违反俄罗斯签署过的阿拉木图宣言、独立国家联合体协定、乌俄两国友好合作伙伴关系条约当中“不干涉内政原则、不使用武力”“承认并尊重彼此的领土完整和现有边界不可侵犯”条款、与布达佩斯安全保障备忘录上有关乌克兰的主权和领土完整性。但俄方称根据民族自决原则根据联合国宪章和国际法人民可以自由决定他们的政治地位，科索沃和南斯拉夫战争时西方以双重标准来看待。然而1993年的《维也纳宣言和行动纲领》即强调民族自决“不得被解释为授权或鼓励采取任何行动去全面或局部地解散或侵犯主权和独立国家的领土完整或政治统一”。
联合国大会也拒绝承认公投和占领的合法性，又通过一项决议，申明“乌克兰在其国际公认边界内的领土完整”，同时特别指出克里米亚投票在军事管制下的问题性，认定独立过程中有瑕疵，公投结果“一概无效，不能成为改变克里米亚自治共和国或塞瓦斯托波尔市地位的基础”，并以此决议促请所有国家与国际组织不承认俄罗斯的后续占领合法性，也不建议实施任何可能被解释为承认此次占领的行动或交往。},
	booktitle = {维基百科，自由的百科全书},
	urldate = {2024-11-07},
	date = {2024-10-28},
	langid = {pinyin},
	note = {Page Version {ID}: 84761167},
}
