
@online{bilibili,
	title = {铝与战争！二战各国对这种“会飞的金属”到底有多重视？ - 哔哩哔哩},
	url = {https://www.bilibili.com/opus/411719009564099272},
	urldate = {2024-11-18},
	file = {铝与战争！二战各国对这种“会飞的金属”到底有多重视？ - 哔哩哔哩:C\:\\Users\\hemingyuna\\Zotero\\storage\\UJ9X6BJV\\411719009564099272.html:text/html},
}

@article{__2023,
	title = {“死亡烟花”：铝热剂燃烧弹},
	issn = {1005-3921},
	url = {https://kns.cnki.net/KCMS/detail/detail.aspx?dbcode=CJFQ&dbname=CJFDLAST2023&filename=JSWN202316019},
	abstract = {{\textless}正{\textgreater}燃烧弹是个厉害的家伙，它们从天而降，如同天女散花。燃烧弹有凝固汽油弹、白磷燃烧弹、铝热剂燃烧弹等。燃烧材料不同，就产生了不同的燃烧效果。那么，你知道最厉害的燃烧弹是哪一种呢？答案是：铝热剂燃烧弹。为了冶炼金属诞生？铝热剂燃烧弹的出现并不是为战争设计的，它们最早的用途，是用来冶炼难熔的金属。由于它们燃烧以后产生的温度极高，最高可达3000℃，就算是一些高熔点的金属也会在瞬间熔化。},
	pages = {16--19},
	number = {16},
	journaltitle = {军事文摘},
	author = {{程刚}},
	urldate = {2024-11-18},
	date = {2023},
	langid = {pinyin},
	note = {download: 108
album: 社会科学Ⅰ辑;社会科学Ⅱ辑
{CLC}: G624.6
dbcode: {CJFQ}
dbname: {CJFDLAST}2023
filename: {JSWN}202316019},
	file = {Full Text PDF:C\:\\Users\\hemingyuna\\Zotero\\storage\\GX3ED52R\\程刚 - 2023 - “死亡烟花”：铝热剂燃烧弹.pdf:application/pdf},
}

@online{nihon,
	title = {日本铝工业的昙花一现——世界铝工业百年兴衰史系列(五) - 中国知网},
	url = {https://kns.cnki.net/kcms2/article/abstract?v=WStw-Pbchoywi8Z5BG9xyJB0q9Z370LLdpFcUA5Y4Zs7IdZBk658LZKMGueqNh44syEn6W5ENQhkC7S2dXmV0UGbuWzd0JFj60Xb__p5gM4FnBPm7es6wfnOO_JoT7ilzKSqEk2oiZFKpzMl3KPTpwlHHM4Cfh0IdLpFtLREGZktTAWiqqpBtRRHhnqbayzr&uniplatform=NZKPT&language=CHS},
	urldate = {2024-11-18},
}

@online{guard,
	title = {防护装甲概述-【维普期刊官网】- 中文期刊服务平台},
	url = {https://lib.cqvip.com/Qikan/Article/Detail?id=663255978},
	urldate = {2024-11-18},
}
