@online{data,
  author  = {中金企信咨询中心},
  title   = {2023国内外呼吸系统和肺部疾病药物行业市场规模发展现状分析及未来市场发展机遇研究预测},
  year    = {2023},
  month   = {7},
  day     = {27},
  url     = {https://caifuhao.eastmoney.com/news/20230727135614728630960},
  urldate = {2023-03-27},
  note    = {东方财富网}
}

@misc{wiki_sambucus_2024,
  author       = {维基百科贡献者},
  title        = {接骨木属},
  howpublished = {\url{https://zh.wikipedia.org/zh-cn/%E6%8E%A5%E9%AA%A8%E6%9C%A8%E5%B1%9E}},
  year         = {2024},
  month        = {5},
  day          = {11},
  note         = {Accessed: May 21, 2025}
}

@misc{caas_elderberry_2022,
  author       = {中国农业科学院都市农业研究所},
  title        = {我所发表接骨木莓研究进展文章},
  howpublished = {\url{https://iua.caas.cn/xwzx/kyjz/2f99fac71cec4274b332d86568cfaf0d.htm}},
  year         = {2022},
  note         = {Accessed: May 21, 2025}
}

@misc{ucanr_elderplant_2021,
  author       = {{University of California Agriculture and Natural Resources}},
  title        = {The Elder Plant},
  howpublished = {\url{https://ucanr.edu/blog/garden-notes/article/elder-plant}},
  year         = {2021},
  month        = {3},
  day          = {23},
  note         = {Accessed: May 21, 2025}
}

@misc{googlepatents_cn104095269a_2014,
  author       = {Google Patents},
  title        = {一种接骨木果酒的制备方法 (CN104095269A)},
  howpublished = {\url{https://patents.google.com/patent/CN104095269A/zh}},
  year         = {2014},
  note         = {Accessed: May 21, 2025}
}

@misc{usda_sambucusnigra_nodate,
  author       = {{USDA Forest Service}},
  title        = {Plant of the Week: American Black Elderberry (Sambucus nigra L. ssp. canadensis (L.) R. Bolli)},
  howpublished = {\url{https://www.fs.usda.gov/wildflowers/plant-of-the-week/sambucus_nigra_l.shtml}},
  note         = {Accessed: May 21, 2025}
}

@article{abed_elderberry_2023,
  author       = {Abed, Ashraf T. and Hassan, Noura A. and Thabet, Amany A. and El-Shazly, Mohamed and El-Halawany, Ali M. and Efferth, Thomas and Youssef, Fadia S.},
  title        = {Elderberry Extracts: Characterization of the Polyphenolic Chemical Composition, Quality Consistency, Safety, Adulteration, and Attenuation of Oxidative Stress- and Inflammation-Induced Health Disorders},
  journal      = {Molecules},
  year         = {2023},
  volume       = {28},
  number       = {7},
  pages        = {3180},
  howpublished = {\url{https://pmc.ncbi.nlm.nih.gov/articles/PMC10096080/}},
  note         = {Accessed: May 21, 2025}
}

@article{virchea_elderberryhydrolate_2025,
  author       = {Vîrchea, Lidia-Ioana and Frum, Adina and Georgescu, Cecilia and Pecsenye, Bence and Máthé, Endre and Mironescu, Monica and Crăciunaș, Mihai-Tudor and Totan, Maria and Tănăsescu, Ciprian and Gligor, Felicia-Gabriela},
  title        = {The Role of Elderberry Hydrolate as a Therapeutic Agent in Palliative Care},
  journal      = {Pharmaceuticals (Basel)},
  year         = {2025},
  volume       = {18},
  number       = {2},
  pages        = {286},
  howpublished = {\url{https://pmc.ncbi.nlm.nih.gov/articles/PMC11851581/}},
  note         = {Published online 2025 Feb 18. Accessed: May 21, 2025}
}

@misc{daiken_elderberry_nodate,
  author       = {大研生醫},
  title        = {接骨木莓功效有哪些？專家帶你了解接骨木莓，守護全家健康},
  howpublished = {\url{https://www.daikenshop.com/article/elderberry}},
  note         = {Accessed: May 21, 2025}
}

@misc{weihengag_elderberry_nodate,
  author       = {维亨农业},
  title        = {接骨木莓：对抗流感和新冠病毒的“天然屏障”},
  howpublished = {\url{https://www.weihengag.com/home/article/detail/id/7059.html}},
  note         = {Accessed: May 21, 2025}
}

@article{hawkins_elderberryreview_2021,
  author       = {Hawkins, Jessie and Baker, Charnele and Cherry, Lindsey and Dunne, Eivell},
  title        = {Elderberry for prevention and treatment of viral respiratory illnesses: a systematic review},
  journal      = {BMC Complementary Medicine and Therapies},
  year         = {2021},
  volume       = {21},
  number       = {1},
  pages        = {114},
  howpublished = {\url{https://pmc.ncbi.nlm.nih.gov/articles/PMC8026097/}},
  note         = {Accessed: May 21, 2025}
}

@article{setz_elderberryquinine_2025,
  author       = {Setz, Christian and Rauch, Pia and Setz, Melanie and Breitenberger, Stephan and Plattner, Stephan and Schubert, Ulrich},
  title        = {Synergistic Antiviral Activity of European Black Elderberry Fruit Extract and Quinine Against SARS-CoV-2 and Influenza A Virusa},
  journal      = {Nutrients},
  year         = {2025},
  volume       = {17},
  number       = {7},
  pages        = {1205},
  doi          = {10.3390/nu17071205},
  howpublished = {\url{https://pmc.ncbi.nlm.nih.gov/articles/PMC11990106/}},
  note         = {Accessed: May 21, 2025}
}

@misc{kindtoshare_elderberry_nodate,
  author       = {Kindtoshare (康萃樂)},
  title        = {接骨木莓3大功效，提升保護力、維持健康超有感},
  howpublished = {\url{https://kindtoshare.com/news/detail/42}},
  note         = {Accessed: May 21, 2025}
}

@article{barak_sambucolcytokines_2001,
  author       = {Barak, Vivian and Halperin, Tally and Kalickman, Inna},
  title        = {The effect of Sambucol, a black elderberry-based, natural product, on the production of human cytokines: I. Inflammatory cytokines},
  journal      = {European Cytokine Network},
  year         = {2001},
  volume       = {12},
  number       = {2},
  pages        = {290-296},
  howpublished = {\url{https://pubmed.ncbi.nlm.nih.gov/11399518/}},
  note         = {Accessed: May 21, 2025}
}

@misc{carmelberry_research_nodate,
  author       = {{Carmel Berry Co.}},
  title        = {Elderberry Research},
  howpublished = {\url{https://carmelberry.com/pages/elderberry-research}},
  note         = {Accessed: May 21, 2025}
}

@article{zakayrones_elderberryflu_2004,
  author       = {Zakay-Rones, Zichria and Thom, Erling and Wollan, Terje and Wadstein, Jan},
  title        = {Randomized study of the efficacy and safety of oral elderberry extract in the treatment of influenza A and B virus infections},
  journal      = {Journal of International Medical Research},
  year         = {2004},
  volume       = {32},
  number       = {2},
  pages        = {132-140},
  howpublished = {\url{https://pubmed.ncbi.nlm.nih.gov/15080016/}},
  note         = {Accessed: May 21, 2025}
}

@misc{childrensmercy_elderberrykids_2021,
  author       = {{Children's Mercy Kansas City}},
  title        = {Elderberry – Is the Herbal Remedy Safe for Kids?},
  howpublished = {\url{https://www.childrensmercy.org/health-care-providers/refer-or-manage-a-patient/connect-with-childrens-mercy/newsletter-the-link/state-of-the-art-pediatrics-february-2021/}},
  year         = {2021},
  month        = {February},
  note         = {Accessed: May 21, 2025}
}

@misc{mskcc_elderberry_nodate,
  author       = {{Memorial Sloan Kettering Cancer Center}},
  title        = {Elderberry},
  howpublished = {\url{https://www.mskcc.org/cancer-care/integrative-medicine/herbs/elderberry-01}},
  note         = {Accessed: May 21, 2025}
}

@misc{webmd_elderberryvitamins_nodate,
  author       = {WebMD},
  title        = {Elderberry - Uses, Side Effects, and More},
  howpublished = {\url{https://www.webmd.com/vitamins/ai/ingredientmono-434/elderberry}},
  note         = {Accessed: May 21, 2025}
}

@misc{webmd_elderberrydiet_nodate,
  author       = {WebMD},
  title        = {Elderberry Supplement Guide},
  howpublished = {\url{https://www.webmd.com/diet/supplement-guide-elderberry}},
  note         = {Accessed: May 21, 2025}
}