
@online{jinji,
  title   = {第七章 工业革命与十九世纪},
  url     = {https://www.marxists.org/chinese/dobb/1946/07.htm},
  urldate = {2025-05-07}
}

@book{marx,
  author    = {马克思, 卡尔},
  title     = {资本论},
  subtitle  = {第一卷},
  date      = {2018},
  publisher = {人民出版社},
  location  = {北京},
  langid    = {chinese}
}
@article{zheng2022fetishism,
  author  = {郑宇恒},
  title   = {Fetishism and Materialized Humanity—From the First Volume of Capital},
  journal = {哲学进展 [Advances in Philosophy]},
  volume  = {11},
  number  = {6},
  date    = {2022-12-27},
  doi     = {10.12677/ACPP.2022.116363},
  url     = {https://doi.org/10.12677/ACPP.2022.116363},
  langid  = {chinese}
}